00597cas a22002291a 4500
001 999314023502836
003 Nz
005 20161223153134.0
008 040112d1959uuuunz  r ne      0   0 eng  
035    $a (NLNZils)931402
035    $a (Nz)8180986
035    $a (NLNZils)931402-ilsdb
035    $a (OCoLC)173422625
040    $a NZNB $c NZNB
042    $a nznb
043    $a u-nz---
245 00 $a Ponsonby press.
260    $a [Auckland, N.Z. : $b s.n., $c 1959-?]
310    $a Monthly?
362 0  $a 1959 Apr.30-?
651  0 $a Ponsonby (Auckland, N.Z.) $v Newspapers.
655  7 $a New Zealand newspapers. $2 local $5 Nz
